<record><leader>00000cas a22000007a 4500</leader><controlfield tag="001">19964447</controlfield><controlfield tag="008">890705d19751984mouwr ne      0    0eng d</controlfield><datafield ind1=" " ind2=" " tag="010"><subfield code="a">sn 89066637 </subfield></datafield><datafield ind1=" " ind2=" " tag="040"><subfield code="a">MQN</subfield><subfield code="b">eng</subfield><subfield code="c">MQN</subfield><subfield code="d">OCLCQ</subfield></datafield><datafield ind1=" " ind2=" " tag="042"><subfield code="a">msc</subfield></datafield><datafield ind1="0" ind2="4" tag="245"><subfield code="a">The Ralls County herald-record.</subfield></datafield><datafield ind1=" " ind2=" " tag="260"><subfield code="a">New London, Ralls County, Mo. :</subfield><subfield code="b">Mark Twain Publishers,</subfield><subfield code="c">1975-1984.</subfield></datafield><datafield ind1=" " ind2=" " tag="300"><subfield code="a">v.</subfield></datafield><datafield ind1=" " ind2=" " tag="310"><subfield code="a">Weekly</subfield></datafield><datafield ind1="0" ind2=" " tag="362"><subfield code="a">Vol. 109, no. 24 (Apr. 3, 1975)-v. 119, no. 12 (Dec. 27, 1984).</subfield></datafield><datafield ind1=" " ind2=" " tag="515"><subfield code="a">Continues numbering of Ralls County record (New London, Mo. : 1865).</subfield></datafield><datafield ind1=" " ind2=" " tag="752"><subfield code="a">United States</subfield><subfield code="b">Missouri</subfield><subfield code="c">Ralls</subfield><subfield code="d">New London.</subfield></datafield><datafield ind1="0" ind2="4" tag="780"><subfield code="t">Center herald</subfield><subfield code="w">(DLC)sn 89066636</subfield></datafield><datafield ind1="0" ind2="4" tag="780"><subfield code="t">Ralls County record (New London, Mo. : 1865)</subfield><subfield code="w">(DLC)sn 85034037</subfield></datafield><datafield ind1="0" ind2="7" tag="785"><subfield code="t">Twainland enterprise</subfield><subfield code="w">(DLC)sn 89066639</subfield></datafield><datafield ind1="0" ind2="7" tag="785"><subfield code="t">Ralls County herald-enterprise</subfield><subfield code="w">(DLC)sn 85000720</subfield></datafield></record>